<record xmlns="http://www.loc.gov/MARC21/slim">
   <leader>03405cam a22004697a 4500</leader>
   <controlfield tag="001">6772331</controlfield>
   <controlfield tag="003">OCoLC</controlfield>
   <controlfield tag="005">20140909070255.8</controlfield>
   <controlfield tag="006">m     o  d        </controlfield>
   <controlfield tag="007">cr cnu---unuuu</controlfield>
   <controlfield tag="008">140830s2015    nyu     o     000 0 eng d</controlfield>
   <datafield ind1=" " ind2=" " tag="020">
      <subfield code="a">9781317963400 (electronic bk.)</subfield>
   </datafield>
   <datafield ind1=" " ind2=" " tag="020">
      <subfield code="a">1317963407 (electronic bk.)</subfield>
   </datafield>
   <datafield ind1=" " ind2=" " tag="035">
      <subfield code="a">ocn889676590</subfield>
   </datafield>
   <datafield ind1=" " ind2=" " tag="037">
      <subfield code="a">837948</subfield>
      <subfield code="b">EBSCO</subfield>
   </datafield>
   <datafield ind1=" " ind2=" " tag="039">
      <subfield code="a">exclude</subfield>
   </datafield>
   <datafield ind1=" " ind2=" " tag="040">
      <subfield code="a">CaONFJC</subfield>
      <subfield code="c">CaONFJC</subfield>
      <subfield code="e">rda</subfield>
      <subfield code="d">AEU</subfield>
   </datafield>
   <datafield ind1=" " ind2="4" tag="050">
      <subfield code="a">RC488.5</subfield>
      <subfield code="b">.I5875 2015</subfield>
   </datafield>
   <datafield ind1=" " ind2="7" tag="072">
      <subfield code="a">HEA</subfield>
      <subfield code="x">039000</subfield>
      <subfield code="2">bisacsh</subfield>
   </datafield>
   <datafield ind1=" " ind2="7" tag="072">
      <subfield code="a">MED</subfield>
      <subfield code="x">014000</subfield>
      <subfield code="2">bisacsh</subfield>
   </datafield>
   <datafield ind1=" " ind2="7" tag="072">
      <subfield code="a">MED</subfield>
      <subfield code="x">022000</subfield>
      <subfield code="2">bisacsh</subfield>
   </datafield>
   <datafield ind1=" " ind2="7" tag="072">
      <subfield code="a">MED</subfield>
      <subfield code="x">112000</subfield>
      <subfield code="2">bisacsh</subfield>
   </datafield>
   <datafield ind1=" " ind2="7" tag="072">
      <subfield code="a">MED</subfield>
      <subfield code="x">045000</subfield>
      <subfield code="2">bisacsh</subfield>
   </datafield>
   <datafield ind1="0" ind2="4" tag="082">
      <subfield code="a">616.89/156</subfield>
      <subfield code="2">21</subfield>
   </datafield>
   <datafield ind1=" " ind2=" " tag="090">
      <subfield code="a">Internet Access</subfield>
      <subfield code="b">AEU</subfield>
   </datafield>
   <datafield ind1="0" ind2="3" tag="245">
      <subfield code="a">An introduction to marriage and family therapy</subfield>
      <subfield code="h">[electronic resource] /</subfield>
      <subfield code="c">edited by Joseph L. Wetchler &amp; Lorna L. Hecker.</subfield>
   </datafield>
   <datafield ind1=" " ind2=" " tag="250">
      <subfield code="a">2nd ed.</subfield>
   </datafield>
   <datafield ind1=" " ind2=" " tag="260">
      <subfield code="a">New York  :</subfield>
      <subfield code="b">Routledge, Taylor and Francis,</subfield>
      <subfield code="c">2015.</subfield>
   </datafield>
   <datafield ind1=" " ind2=" " tag="300">
      <subfield code="a">1 online resource (635 p.)</subfield>
   </datafield>
   <datafield ind1=" " ind2=" " tag="500">
      <subfield code="a">Description based upon print version of record.</subfield>
   </datafield>
   <datafield ind1="0" ind2=" " tag="505">
      <subfield code="a">Cover; Title; Copyright; CONTENTS; About the Editors; List of Contributors; Acknowledgments; Introduction; PART I Foundations of Marriage and Family Therapy; 1 The History of Marriage and Family Therapy; 2 General Systems Theory, Cybernetics, and Family Therapy; 3 Contextual Issues in Couple and Family Therapy: Gender, Sexual Orientation, Culture, and Spirituality; PART II Theories in Marriage and Family Therapy; 4 Structural Family Therapy; 5 Strategic Family Therapy; 6 Milan Systemic Therapy; 7 The Collaborative Language-Based Models of Family Therapy: When Less Is More</subfield>
   </datafield>
   <datafield ind1="8" ind2=" " tag="505">
      <subfield code="a">8 Experiential Approaches to Family Therapy9 Cognitive-Behavioral Therapies for Couples and Families; 10 Transgenerational Family Therapies; PART III Special Issues and Topics in Marriage and Family Therapy; 11 Couple Therapy; 12 Communication Training, Marriage Enrichment, and Premarital Counseling; 13 Sexual Disorders and Sex Therapy; 14 Special Topics in Family Therapy: Mental Illness, Physical Illness, Substance Abuse, Family Violence, and Divorce; 15 Ethical, Legal, and Professional Issues in Marriage and Family Therapy; 16 Research in Marriage and Family Therapy; Index</subfield>
   </datafield>
   <datafield ind1=" " ind2=" " tag="506">
      <subfield code="a">Access restricted to authorized users and institutions.</subfield>
   </datafield>
   <datafield ind1=" " ind2=" " tag="520">
      <subfield code="a">Now in its second edition, this text introduces readers to the rich history and practice of Marriage and Family Therapy, with 32 professionals from across the US presenting their knowledge in their areas of expertise. This blend of approaches and styles gives this text a unique voice and makes it a comprehensive resource for graduate students taking their first course in Marriage and Family Therapy. The book is divided into three sections: Part 1 focuses on the components on which 21st century family therapy is based and summarizes the most recent changes made to not only therapeutic intervent.</subfield>
   </datafield>
   <datafield ind1=" " ind2=" " tag="596">
      <subfield code="a">44</subfield>
   </datafield>
   <datafield ind1=" " ind2="0" tag="650">
      <subfield code="a">Family psychotherapy.</subfield>
   </datafield>
   <datafield ind1=" " ind2="0" tag="650">
      <subfield code="a">Marital psychotherapy.</subfield>
   </datafield>
   <datafield ind1="1" ind2=" " tag="700">
      <subfield code="a">Wetchler, Joseph L.</subfield>
   </datafield>
   <datafield ind1="1" ind2=" " tag="700">
      <subfield code="a">Hecker, Lorna L.</subfield>
   </datafield>
   <datafield ind1="4" ind2="0" tag="856">
      <subfield code="3">University of Alberta Access</subfield>
      <subfield code="u">http://search.ebscohost.com/login.aspx?direct=true&amp;scope=site&amp;db=nlebk&amp;db=nlabk&amp;AN=837948</subfield>
      <subfield code="z">(Single User Access)</subfield>
   </datafield>
   <datafield ind1=" " ind2=" " tag="949">
      <subfield code="h">UAIN</subfield>
      <subfield code="z">PDAOWNED</subfield>
   </datafield>
   <datafield ind1=" " ind2=" " tag="926">
      <subfield code="a">Internet Access</subfield>
      <subfield code="w">LC</subfield>
      <subfield code="c">1</subfield>
      <subfield code="i">6772331-1001</subfield>
      <subfield code="l">INTERNET</subfield>
      <subfield code="m">UAINTERNET</subfield>
      <subfield code="r">Y</subfield>
      <subfield code="s">Y</subfield>
      <subfield code="t">E-RESOURCE</subfield>
      <subfield code="u">1/10/2015</subfield>
      <subfield code="x">E-BOOK</subfield>
      <subfield code="z">PDAOWNED</subfield>
   </datafield>
</record>
